@book{evans2013,
  title={Arduino em ação},
  author={Evans, Martin and Noble, Joshua and Hochenbaum, Jordan},
  year={2013},
  publisher={Novatec Editora}
}

@misc{Acomunic15:online,
author = {},
title = {A comunicação serial com Arduino • AranaCorp},
howpublished = {\url{https://www.aranacorp.com/pt/a-comunicacao-serial-com-arduino/}},
month = {03},
year = {2021},
note = {(Accessed on 05/25/2022)}
}

